@article{axact-dist:1986,
  key = {55},
  author = {Bernd Streitberg and Joachim R\"ohmel},
  title = {Exact Distributions for Permutations and Rank Tests: An Introduction to Some Recently Published Algorithms},
  journal = {Statistical Software Newsletter},
  year = {1986},
  volume = {12},
  number = {1},
  pages = {10-17}
}

@conference{classifica:1994,
  key = {78},
  author = {Berthold Lausen and Wilhelm Sauerbrei and Martin Schumacher},
  title = {Classification and Regression Trees ({CART}) used for the exploration of prognostic factors measured on different scales},
  booktitle = {Computational Statistics},
  year = {1994},
  editor = {P. Dirschedl and R. Ostermann},
  publisher = {Physica-Verlag},
  address = {Heidelberg},
  pages = {483-496}
}

@article{distinct-t:2000,
  key = {134},
  author = {Ash A. Alizadeh and Michael B. Eisen and R. Eric Davis and Chi Ma and Izidore S. Lossos and Andreas Rosenwald and Jennifer C. Boldrick and Hajeer Sabet and Truc Tran and Xin Yu and John I. Powell and Liming Yang and Gerald E. Marti and Troy Moore and James Hudson and Lisheng Lu and David B. Lewis and Robert Tibshirani and Gavin Sherlock and Wing C. Chan and Timothy C. Greiner and Dennis D. Weisenburger and James O. Armitage and Roger Warnke and Ronald Levy and Wyndham Wilson and Michael R. Grever and John C. Byrd and David Botstein and Patrick O. Brown and Louis M. Staudt},
  title = {Distinct types of diffuse large {B}-cell lymphoma identified by expression profiling},
  journal = {Nature},
  year = {2000},
  volume = {403},
  pages = {503-511}
}

@article{maximally-:1982,
  key = {91},
  author = {Rupert Miller and David Siegmund},
  title = {Maximally Selected Chi Square Statistics},
  journal = {Biometrics},
  year = {1982},
  volume = {38},
  pages = {1011-1016}
}

@article{maximally-:1992,
  key = {71},
  author = {Berthold Lausen and Martin Schumacher},
  title = {Maximally Selected Rank Statistics},
  journal = {Biometrics},
  year = {1992},
  volume = {48},
  pages = {73-85}
}

@article{numerical-:1992,
  key = {116},
  author = {Genz, Alan},
  title = {Numerical computation of multivariate normal probabilities},
  journal = {Journal of Computational and Graphical Statistics},
  year = {1992},
  volume = {1},
  pages = {141-149}
}

@article{on-exact-r:2001,
  key = {118},
  author = {Torsten Hothorn},
  title = {On Exact Rank Tests in \textsf{R}},
  journal = {R News},
  year = {2001},
  volume = {1},
  number = {1},
  pages = {11-12}
}

@article{on-multiva:2001,
  key = {191},
  author = {Torsten Hothorn and Frank Bretz and Alan Genz},
  title = {On Multivariate $t$ and {G}auss Probabilities in \textsf{R}},
  journal = {R News},
  year = {2001},
  volume = {1},
  number = {2},
  pages = {27-29}
}

@article{on-the-exa:2001,
  key = {186},
  author = {Torsten Hothorn and Berthold Lausen},
  title = {On the Exact Distribution of Maximally Selected Rank Statistics},
  journal = {Computational Statistics \& Data Analysis},
  year = {2002},
  note = {accepted}
}

@article{lausenetal:2002,
  author = {Berthold Lausen and Torsten Hothorn and Frank Bretz and Martin
Schumacher},
  title = {Assessment of optimally selected prognostic factors},
  journal = {submitted},
  year = {2002},
}

@article{on-maximal:2002,
   key       = {253},
   author    = {Torsten Hothorn and Berthold Lausen},
   title     = {On Maximally Selected Rank Statistics},
   journal   = {R News},
   year      = {2002},
   volume    = {2},   
   number    = {1},
   pages     = {3-5} 
}
